1655 3035
447 166 817 212 ss—
1183 162 1268 214 vn

0 286 249 347 semper,>
277 291 444 342 genus
481 278 676 339 absque
705 275 1004 324 charaffitere
1035 278 1267 329 distimsto

0 383 89 433 vel
131 380 355 444 speciem
405 378 596 438 absque
645 373 937 423 differentIa
994 377 1269 428 sufficienti

0 493 324 549 proponere,
375 491 442 523 ne
471 477 524 522 in
546 473 813 540 pristinam
833 475 1118 526 barbariem
1149 486 1268 528 ruat

0 580 212 629 scientia
232 576 625 637 entomologica.

104 676 414 741 Synonyma
436 672 705 723 auetorum
727 675 1104 736 praestantiora
1136 693 1165 726 e
1184 679 1269 742 sy·-

1 777 275 828 stematicis
304 781 360 822 et
403 753 793 838 iohniographis
832 776 992 824 addidi
1028 784 1083 824 et
1109 777 1270 840 syste-

0 879 150 926 matis
183 875 383 938 saepius
406 888 631 920 erronea
656 874 946 927 emendaui.
1015 874 1272 939 Synony-

1 978 103 1024 mia
155 977 301 1021 certe
357 967 654 1016 difficillime
711 971 927 1016 eruitur.
1028 974 1273 1034 Requiris:

1 1075 338 1139 plurimarum
383 1068 671 1132 specierum
706 1069 1062 1129 cognitionem
1105 1077 1159 1117 et
1196 1071 1273 1118 la-

1 1169 253 1222 boriosam
284 1166 636 1221 collationem,
668 1171 723 1213 et
752 1172 928 1214 tamen
951 1168 1016 1215 ob
1048 1170 1274 1218 varieta-

2 1276 85 1318 tes
123 1274 179 1315 et
207 1267 444 1314 colorum
472 1264 865 1314 inconstantiam
893 1265 1095 1331 saepius
1123 1284 1273 1316 erro-

2 1384 104 1417 nea
122 1366 304 1414 euadit.
372 1364 518 1412 Loca
537 1364 743 1418 natalia,
764 1366 848 1414 Vbi
877 1366 1035 1421 licuit,
1062 1366 1272 1431 semper

4 1468 190 1522 adieci,
230 1465 306 1515 vti
327 1470 380 1512 et
400 1464 631 1528 plantas,
673 1466 854 1527 quibus
875 1464 1114 1515 viffitant
1134 1465 1274 1532 phy-

4 1565 231 1631 tiphaga.
307 1563 527 1613 Inservit
550 1563 931 1617 collectoribus,
968 1567 1274 1623 oeconomis

4 1665 256 1725 fimulque
281 1665 418 1712 viam
442 1664 503 1712 ad
522 1666 879 1711 oeconomiam
902 1671 1120 1713 naturae
1143 1680 1274 1728 pano

7 1763 95 1811 dit.
164 1759 483 1811 Collet‘tores
503 1763 635 1811 haud
666 1777 851 1811 omnes
871 1766 922 1810 in
944 1763 1026 1812 his
1050 1763 1172 1811 satis
1195 1779 1274 1810 ac-

10 1864 188 1910 curati.
256 1861 697 1925 Metamorphosis
718 1861 1034 1910 inset‘torum
1061 1863 1276 1925 diligen-

9 1962 198 2009 tiorem
224 1958 594 2023 inspeffionem
613 1967 860 2010 meretur.
930 1959 1087 2009 Plura
1110 1961 1275 2009 adhuc

10 2060 130 2108 sunt
153 2074 370 2128 genera,
400 2076 627 2122 quorum
651 2059 1084 2125 metamorphosis
1111 2061 1279 2109 adhuc

12 2160 226 2205 omnino
265 2158 422 2213 latet,
473 2176 605 2222 quae
645 2161 884 2225 inprimiS
924 2160 1277 2222 entomologis

12 2259 229 2306 oculatis
265 2257 583 2306 commendo.
663 2258 841 2307 Larua
877 2264 934 2305 et
976 2275 1118 2324 pupa
1165 2259 1279 2324 spe-

15 2357 210 2404 cierum
230 2359 384 2404 etiam
404 2357 750 2413 annotandae,
785 2363 850 2407 vt
868 2358 1078 2406 tandem
1100 2359 1280 2420 cogni-

16 2457 91 2502 tio
110 2455 282 2504 insec'ti
305 2458 543 2506 omnibus
566 2458 801 2521 partibus
820 2458 1095 2523 completa.

1080 2652 1280 2725 Austo-
