1655 3035
353 138 417 189 vi
795 147 1166 179 —--==

349 255 712 305 determinatio
744 258 798 300 et
824 252 1175 302 denominatio
1208 255 1420 301 omnino
1453 258 1612 305 vacil-

349 356 536 404 lantes.
606 351 837 401 Glo'ffata
863 353 1110 414 quaedam
1128 353 1366 417 inprimis
1385 352 1612 419 Papilio-

348 469 447 502 nes
487 470 517 501 e
552 452 756 504 C'mmero
795 452 995 516 recepi,
1044 467 1198 514 quem
1231 457 1611 504 accuratiorem

348 556 590 615 Cognoui.

446 650 643 701 Infecta
671 651 807 700 haud
845 667 1012 716 pauca
1045 651 1268 700 antehac
1307 654 1408 700 iam
1438 654 1612 703 deter-

345 754 559 802 minam,
588 752 916 799 denominaui
935 753 1126 815 partim
1150 753 1202 798 in
1223 751 1497 814 systemate
1521 770 1613 802 en-

343 852 686 912 tomologiae‚
731 851 920 913 partim
949 850 1003 894 in
1036 850 1266 896 mantissa
1303 853 1615 901 insectorum

341 949 625 1012 generibus
645 941 856 997 adiecta,
890 945 1084 1007 partim
1104 946 1158 991 in
1185 946 1372 993 itinere
1391 948 1444 998 N
1447 966 1616 999 orwa-

342 1049 475 1110 gico.
542 1043 772 1094 Nomina
799 1042 926 1090 haec
954 1040 1132 1106 paffim
1163 1043 1381 1108 dispersa
1412 1050 1615 1098 consul-

342 1152 458 1194 tum
480 1144 603 1192 duxi
624 1142 869 1204 colligere
890 1143 1048 1204 inque
1067 1159 1231 1193 vnum
1256 1160 1390 1210 opus
1419 1163 1615 1212 propo-

341 1259 495 1296 nere,
531 1241 838 1290 differentiis
864 1242 1115 1305 specificis
1143 1245 1344 1311 saepius
1372 1247 1616 1295 emenda-

341 1346 428 1398 tis,
463 1358 628 1406 quum
649 1342 803 1389 nouis
832 1342 1095 1406 speciebus
1114 1343 1328 1392 detectis
1352 1345 1487 1393 haud
1505 1362 1615 1393 am-

339 1444 479 1509 plius
497 1440 820 1501 sufficerent,
858 1448 1013 1488 antea
1031 1446 1269 1504 quamuis
1290 1447 1529 1508 optimae.

438 1541 623 1591 Nonas
664 1540 862 1606 species
898 1541 1154 1605 plurimas
1187 1544 1415 1606 vndique
1446 1547 1614 1592 intro-

340 1641 482 1696 duxi,
517 1642 731 1688 nomine
752 1640 968 1694 triuiali,
1003 1640 1395 1705 differentiaque
1414 1643 1613 1708 specifi-

340 1729 402 1788 ca
428 1739 657 1795 distinxi,
711 1720 1246 1804 descriptionibusque
1277 1744 1612 1808 amplioribus

337 1841 567 1901 muniui,
601 1844 665 1887 vt
685 1838 1050 1888 determinatio
1073 1841 1431 1890 facilitaretur.
1503 1841 1612 1890 Ge-

337 1954 466 1985 nera
486 1939 644 1985 etiam
667 1952 806 1985 noua
827 1939 992 1987 addidi
1011 1956 1188 2003 pauca,
1212 1944 1305 1994 vti,
1342 1941 1447 2004 Ips,
1482 1941 1612 1989 Rhi-

336 2051 603 2090 nomacer,
640 2036 954 2092 Manticora,
987 2036 1203 2099 squilla,
1223 2038 1612 2102 Pycnogonum

338 2134 723 2182 characteribus
760 2135 1132 2185 sufficientibus
1170 2137 1414 2186 distincta.
1483 2139 1610 2188 Pos-

336 2234 443 2282 sem
467 2233 672 2296 quidem
711 2235 860 2298 plura
893 2235 1105 2292 addere,
1150 2239 1227 2285 vti
1258 2234 1609 2289 Curculiones

338 2335 585 2381 antennis
625 2333 1081 2396 moniliformibus,
1130 2334 1458 2400 Papilionum
1495 2339 1608 2386 sub-

338 2431 614 2479 diuifiones
641 2432 865 2493 aliaque,
907 2449 1134 2495 quorum
1161 2435 1485 2485 charasteres
1512 2439 1608 2484 mi-

339 2529 391 2576 hi
430 2546 558 2579 vero
595 2531 836 2597 *nondum
877 2532 1189 2584 satisfecere.
1298 2534 1606 2586 Cauendum

1387 2636 1605 2699 semper,
